@article{Gajan2015,
    title = {{Analysis of high pressure tests on wet gas flow metering with a Venturi meter}},
    year = {2015},
    journal = {Flow Measurement and Instrumentation},
    author = {Gajan, P. and Decaudin, Q. and Couput, J.P.},
    month = {8},
    pages = {126--131},
    volume = {44},
    publisher = {Elsevier},
    url = {https://www.sciencedirect.com/science/article/pii/S0955598614001666},
    doi = {10.1016/J.FLOWMEASINST.2014.12.004},
    issn = {0955-5986}
}

@article{Azzopardi1997,
    title = {{Drops in annular two-phase flow}},
    year = {1997},
    journal = {International Journal of Multiphase Flow},
    author = {Azzopardi, B.J.},
    number = {7},
    month = {12},
    pages = {1--53},
    volume = {23},
    publisher = {Pergamon},
    url = {https://www.sciencedirect.com/science/article/pii/S0301932297900872},
    doi = {10.1016/S0301-9322(97)90087-2},
    issn = {0301-9322}
}

@inproceedings{Collins2015,
    title = {{Evaluating and Improving Wet Gas Corrections for Horizontal Venturi Meters}},
    year = {2015},
    booktitle = {North Sea Flow Measurement Workshop},
    author = {Collins, Alistair and Tudge, Mark and Wade, Carol}
}

@article{Collins2013,
    title = {{Evolution of wet gas venturi metering and wet gas correction algorithms}},
    year = {2013},
    journal = {Measurement and Control (United Kingdom)},
    author = {Collins, Alistair and Clark, Steve},
    number = {1},
    volume = {46},
    doi = {10.1177/002029401304600102},
    issn = {00202940}
}

@article{Grolman1997,
    title = {{Gas-liquid flow in slightly inclined pipes}},
    year = {1997},
    journal = {Chemical Engineering Science},
    author = {Grolman, Eric and Fortuin, Jan M.H.},
    number = {24},
    month = {12},
    pages = {4461--4471},
    volume = {52},
    publisher = {Pergamon},
    url = {https://www.sciencedirect.com/science/article/pii/S0009250997002911},
    doi = {10.1016/S0009-2509(97)00291-1},
    issn = {0009-2509}
}

@inproceedings{DeLeeuw1997,
    title = {{Liquid Correction of Venturi Meter Readings in Wet Gas Flow}},
    year = {1997},
    booktitle = {North Sea Flow Measurement Workshop},
    author = {de Leeuw, Rick}
}

@article{He2016,
    title = {{Online measurement of gas and liquid flow rate in wet gas through one V-Cone throttle device}},
    year = {2016},
    journal = {Experimental Thermal and Fluid Science},
    author = {He, Denghui and Bai, Bofeng and Zhang, Jun and Wang, Xianwen},
    month = {7},
    pages = {129--136},
    volume = {75},
    publisher = {Elsevier},
    url = {https://www.sciencedirect.com/science/article/pii/S0894177715003398},
    doi = {10.1016/J.EXPTHERMFLUSCI.2015.11.016},
    issn = {0894-1777}
}

@article{Chisholm1973,
    title = {{Pressure gradients due to friction during the flow of evaporating two-phase mixtures in smooth tubes and channels}},
    year = {1973},
    journal = {International Journal of Heat and Mass Transfer},
    author = {Chisholm, D.},
    number = {2},
    month = {2},
    pages = {347--358},
    volume = {16},
    publisher = {Pergamon},
    url = {https://www.sciencedirect.com/science/article/pii/001793107390063X},
    doi = {10.1016/0017-9310(73)90063-X},
    issn = {0017-9310}
}

@article{Chisholm1977,
    title = {{Research Note: Two-Phase Flow through Sharp-Edged Orifices}},
    year = {1977},
    journal = {Journal of Mechanical Engineering Science},
    author = {Chisholm, D.},
    number = {3},
    month = {6},
    pages = {128--130},
    volume = {19},
    publisher = {SAGE PublicationsSage UK: London, England},
    url = {http://journals.sagepub.com/doi/10.1243/JMES_JOUR_1977_019_027_02},
    doi = {10.1243/JMES{\_}JOUR{\_}1977{\_}019{\_}027{\_}02},
    issn = {0022-2542}
}

@inproceedings{Collins2010,
    title = {{The development of and initial data from a new multiphase wet gas meter}},
    year = {2010},
    booktitle = {28th International North Sea Flow Measurement Workshop 2010},
    author = {Collins, Alistair and Hu, Jin-Lin and Tudge, Mark and Wade, Carol},
    isbn = {9781617822940}
}

@book{Herschel1898,
    title = {{The Venturi Meter}},
    year = {1898},
    author = {Herschel, Clemens},
    publisher = {Builders Iron Foundary}
}

@article{Colebrook1939,
    title = {{Turbulent flow in Pipes, with particular reference to the Transition Region between the Smooth and Rough Pipe Laws}},
    year = {1939},
    journal = {Journal of the Institution of Civil Engineers},
    author = {Colebrook, Cyril Frank},
    number = {4},
    pages = {133--156},
    volume = {11},
    isbn = {5204},
    doi = {10.1680/ijoti.1939.14509}
}

@article{Steven2008AMeter,
    title = {{A dimensional analysis of two phase flow through a horizontally installed Venturi flow meter}},
    year = {2008},
    journal = {Flow Measurement and Instrumentation},
    author = {Steven, Richard},
    doi = {10.1016/j.flowmeasinst.2008.05.004},
    issn = {09555986},
    keywords = {Differential pressure meter, Dimensional analysis, Two phase flow, Venturi}
}

@article{Mandhane1974APipes,
    title = {{A flow pattern map for gas-liquid flow in horizontal pipes}},
    year = {1974},
    journal = {International Journal of Multiphase Flow},
    author = {Mandhane, J. M. and Gregory, G. A. and Aziz, K.},
    isbn = {0301-9322},
    doi = {10.1016/0301-9322(74)90006-8},
    issn = {03019322},
    pmid = {15003161},
    arxivId = {arXiv:1011.1669v3}
}

@article{Sebastien2011ATests,
    title = {{A mechanics approach for wet gas flow metering, theory and application to flow loop tests}},
    year = {2011},
    journal = {International Journal of Multiphase Flow},
    author = {S{\'{e}}bastien, Cadalen and Michel, Lance},
    isbn = {0301-9322},
    doi = {10.1016/j.ijmultiphaseflow.2010.09.006},
    issn = {03019322},
    keywords = {Annular-dispersed flow, Modeling, Venturi, Wet gas}
}

@article{Kishore2004AFlow,
    title = {{A multidimensional model for annular gas-liquid flow}},
    year = {2004},
    journal = {Chemical Engineering Science},
    author = {Kishore, B. N. and Jayanti, S.},
    isbn = {9144445822},
    doi = {10.1016/j.ces.2004.06.003},
    issn = {00092509},
    keywords = {Annular flow, Computational fluid dynamics, Entrainment, Gas-liquid flow, Interfacial friction, Modelling}
}

@article{He2014ACoefficient,
    title = {{A new correlation for wet gas flow rate measurement with Venturi meter based on two-phase mass flow coefficient}},
    year = {2014},
    journal = {Measurement: Journal of the International Measurement Confederation},
    author = {He, Denghui and Bai, Bofeng},
    doi = {10.1016/j.measurement.2014.08.014},
    issn = {02632241},
    keywords = {Measurement correlation, Two-phase flow, Venturi meter, Wet gas flow rate}
}

@article{Munoz-Diaz2012AFlowmeter,
    title = {{A numerical study of an orifice flowmeter}},
    year = {2012},
    journal = {Flow Measurement and Instrumentation},
    author = {Mu{\~{n}}oz-D{\'{i}}az, Enrique and Solorio-Ordaz, Francisco J. and Ascanio, Gabriel},
    doi = {10.1016/j.flowmeasinst.2012.03.012},
    issn = {09555986},
    keywords = {Extensional flow, Orifice flowmeter, Semihyperbolic profile}
}

@article{Azzopardi1999AVenturis,
    title = {{A quasi-one-dimensional model for gas/solids flow in venturis}},
    year = {1999},
    journal = {Powder Technology},
    author = {Azzopardi, B. J. and Teixeira, S. F.C.F. and Pulford, C. I.},
    doi = {10.1016/S0032-5910(98)00221-6},
    issn = {00325910},
    keywords = {Gas/solid flow, Quasi-one-dimensional model, Venturis}
}

@article{Pagan2017APipes,
    title = {{A simplified model for churn and annular flow regimes in small- and large-diameter pipes}},
    year = {2017},
    journal = {Chemical Engineering Science},
    author = {Pagan, E. and Williams, W.C. and Kam, S. and Waltrich, P.J.},
    month = {4},
    pages = {309--321},
    volume = {162},
    publisher = {Pergamon},
    url = {https://www.sciencedirect.com/science/article/pii/S0009250916307035},
    doi = {10.1016/J.CES.2016.12.059},
    issn = {0009-2509}
}

@article{Yu2015AVenturi,
    title = {{A study on the modeling of static pressure distribution of wet gas in Venturi}},
    year = {2015},
    journal = {AIChE Journal},
    author = {Yu, Peining and Xu, Ying and Zhang, Tao and Zhu, Zicheng and Ba, Xili and Li, Jing and Qin, Zigeng},
    number = {2},
    month = {2},
    pages = {699--708},
    volume = {61},
    publisher = {Wiley-Blackwell},
    url = {http://doi.wiley.com/10.1002/aic.14657},
    doi = {10.1002/aic.14657},
    issn = {00011541},
    keywords = {Venturi meter, pressure drop modeling, wet gas flow}
}

@article{Meng2010Air-waterSensor,
    title = {{Air-water two-phase flow measurement using a Venturi meter and an electrical resistance tomography sensor}},
    year = {2010},
    journal = {Flow Measurement and Instrumentation},
    author = {Meng, Zhenzhen and Huang, Zhiyao and Wang, Baoliang and Ji, Haifeng and Li, Haiqing and Yan, Yong},
    isbn = {9781424433537},
    doi = {10.1016/j.flowmeasinst.2010.02.006},
    issn = {09555986},
    keywords = {Electrical resistance tomography sensor, Flowrate measurement, Two-phase flow, Venturi meter}
}

@article{Li2018AnBubbles,
    title = {{An approach to couple velocity/pressure/void fraction in two-phase flows with incompressible liquid and compressible bubbles}},
    year = {2018},
    journal = {International Journal of Multiphase Flow},
    author = {Li, Jiajia and Carrica, Pablo M.},
    month = {5},
    pages = {77--94},
    volume = {102},
    publisher = {Pergamon},
    url = {https://www.sciencedirect.com/science/article/pii/S0301932217303373},
    doi = {10.1016/J.IJMULTIPHASEFLOW.2018.01.021},
    issn = {0301-9322}
}

@article{Reynolds1883AnChannels,
    title = {{An Experimental Investigation of the Circumstances Which Determine Whether the Motion of Water Shall Be Direct or Sinuous, and of the Law of Resistance in Parallel Channels}},
    year = {1883},
    journal = {Philosophical Transactions of the Royal Society of London},
    author = {Reynolds, Osborne},
    number = {0},
    month = {1},
    pages = {935--982},
    volume = {174},
    publisher = {The Royal Society},
    url = {http://rstl.royalsocietypublishing.org/cgi/doi/10.1098/rstl.1883.0029},
    isbn = {0370-1662},
    doi = {10.1098/rstl.1883.0029},
    issn = {0261-0523},
    pmid = {5905}
}

@techreport{Reader-Harris2009AnGas,
    title = {{An Improved Model for Venturi-Tube Over-reading in Wet Gas}},
    year = {2009},
    booktitle = {27th International North Sea Flow Measurement Workshop},
    author = {Reader-Harris, Michael and Graham, Emmelyn},
    url = {http://citeseerx.ist.psu.edu/viewdoc/download?doi=10.1.1.621.8550&rep=rep1&type=pdf}
}

@techreport{2008ASMEGuideline,
    title = {{ASME MFC-19G-2008 Wet Gas Flowmetering Guideline}},
    year = {2008},
    institution = {The American Society of Mechanical Engineers}
}

@inproceedings{Salque2007BehaviourMeter,
    title = {{Behaviour of an annular flow in the convergent section of a Venturi meter}},
    year = {2007},
    booktitle = {WIT Transactions on Engineering Sciences},
    author = {Salque, G. and Gajan, P. and Strzelecki, A. and Couput, J. P.},
    isbn = {9781845640798},
    doi = {10.2495/MPF070191},
    issn = {17433533},
    keywords = {Annular flow, Convergent section, Interface waves, Liquid film, Resistive probes, Thickness, Venturi meter}
}

@techreport{1964BSTubes,
    title = {{BS 1042-1 (1964) Methods for Measurement of Fluid Flow in Pipes - Part 1. Orifice Plates, Nozzles and Venturi Tubes}},
    year = {1964},
    institution = {British Standards Institute}
}

@techreport{Torino2010CIRTENMEASUREMENT,
    title = {{CIRTEN CONSORZIO INTERUNIVERSITARIO PER LA RICERCA TECNOLOGICA NUCLEARE STATE OF ART AND SELECTION OF TECHNIQUES IN MULTIPHASE FLOW MEASUREMENT}},
    year = {2010},
    author = {Torino, Politecnico DI and Bertani, Cristina and De Salve, Mario and Malandrone, Mario and Monni, Grazia and Panella, Bruno}
}

@article{Woldesemayat2007ComparisonPipes,
    title = {{Comparison of void fraction correlations for different flow patterns in horizontal and upward inclined pipes}},
    year = {2007},
    journal = {International Journal of Multiphase Flow},
    author = {Woldesemayat, Melkamu A. and Ghajar, Afshin J.},
    isbn = {03019322},
    doi = {10.1016/j.ijmultiphaseflow.2006.09.004},
    issn = {03019322},
    keywords = {Comparison, Correlations, Horizontal flow, Two-phase, Upward inclined flow, Void fraction}
}

@techreport{TryggvasonComputationalModeling,
    title = {{Computational Fluid Dynamics I Multiphase Flow Modeling!}},
    author = {Tryggvason, Grétar},
    url = {http://users.wpi.edu/~gretar/me612.html!}
}

@article{Pan2002CorrelationPipes,
    title = {{Correlation of entrainment for annular flow in vertical pipes}},
    year = {2002},
    journal = {International Journal of Multiphase Flow},
    author = {Pan, Lei and Hanratty, Thomas J.},
    isbn = {0301-9322},
    doi = {10.1016/S0301-9322(01)00073-8},
    issn = {03019322},
    pmid = {5364522},
    keywords = {Annular flow, Entrainment, Gas-liquid pipe flow, Rate of atomization, Rate of deposition, Vertical configuration}
}

@article{Karami2017DropletFlow,
    title = {{Droplet entrainment analysis of three-phase low liquid loading flow}},
    year = {2017},
    journal = {International Journal of Multiphase Flow},
    author = {Karami, Hamidreza and Pereyra, Eduardo and Torres, Carlos F. and Sarica, Cem},
    month = {3},
    pages = {45--56},
    volume = {89},
    publisher = {Pergamon},
    url = {https://www.sciencedirect.com/science/article/pii/S0301932215302275},
    doi = {10.1016/J.IJMULTIPHASEFLOW.2016.10.011},
    issn = {0301-9322}
}

@article{Simmons2001DropletFlow,
    title = {{Droplet size measurements in horizontal annular gas-liquid flow}},
    year = {2001},
    journal = {International Journal of Multiphase Flow},
    author = {Simmons, Mark J.H. and Hanratty, Thomas J.},
    isbn = {0301-9322},
    doi = {10.1016/S0301-9322(00)00053-7},
    issn = {03019322},
    pmid = {0301-9322/01},
    keywords = {Drop size distributions, Droplet stratification, Gas-liquid pipe flow, Laser diffraction, Malvern spraytec}
}

@article{Simmons2001DropletFlowb,
    title = {{Droplet size measurements in horizontal annular gas–liquid flow}},
    year = {2001},
    journal = {International Journal of Multiphase Flow},
    author = {Simmons, Mark J.H and Hanratty, Thomas J},
    number = {5},
    month = {5},
    pages = {861--883},
    volume = {27},
    publisher = {Pergamon},
    url = {https://www.sciencedirect.com/science/article/pii/S0301932200000537},
    doi = {10.1016/S0301-9322(00)00053-7},
    issn = {0301-9322}
}

@techreport{Azzopardi1997DROPSFLOW,
    title = {{DROPS IN ANNULAR TWO-PHASE FLOW}},
    year = {1997},
    booktitle = {Int. J. Multiphase Flow},
    author = {Azzopardi, B J},
    pages = {1--53},
    volume = {23}
}

@article{Yuan2015Dual-iterativeFraction,
    title = {{Dual-iterative model for gas condensate measurement based on void fraction}},
    year = {2015},
    journal = {Journal of Natural Gas Science and Engineering},
    author = {Yuan, Chao and Xu, Ying and Zhang, Tao and Ba, Xili and Wang, Huaxiang},
    doi = {10.1016/j.jngse.2015.03.040},
    issn = {18755100},
    keywords = {Dual-iterative model, Gas condensate, Over reading, Venturi, Void fraction}
}

@article{Rocha2017EffectsFlow,
    title = {{Effects of water and gas injection and viscosity on volumetric fraction, pressure gradient and phase inversion in upward-vertical three-phase pipe flow}},
    year = {2017},
    journal = {Journal of Petroleum Science and Engineering},
    author = {Rocha, Douglas M. and de Carvalho, Carlos H.M. and Estevam, Valdir and Rodriguez, Oscar M.H.},
    month = {8},
    pages = {519--529},
    volume = {157},
    publisher = {Elsevier},
    url = {https://www.sciencedirect.com/science/article/pii/S0920410517306010},
    doi = {10.1016/J.PETROL.2017.07.055},
    issn = {0920-4105}
}

@article{Zheng2016ErrorGas,
    title = {{Error analysis of gas and liquid flow rates metering method based on differential pressure in wet gas}},
    year = {2016},
    journal = {Experimental Thermal and Fluid Science},
    author = {Zheng, Xuebo and He, Denghui and Yu, Zhigang and Bai, Bofeng},
    month = {12},
    pages = {245--253},
    volume = {79},
    publisher = {Elsevier},
    url = {https://www.sciencedirect.com/science/article/pii/S0894177716301893},
    doi = {10.1016/J.EXPTHERMFLUSCI.2016.07.017},
    issn = {0894-1777}
}

@misc{Prandtl1953EssentialsSubjets,
    title = {{Essentials of fluid dynamics : with applications to hydraulics, aeronautics, meteorology and other subjets}},
    year = {1953},
    author = {Prandtl, Ludwig},
    publisher = {Blackie {\&}amp; Son},
    url = {http://cds.cern.ch/record/2270401}
}

@article{Yasmina2015EvaluationPipes,
    title = {{Evaluation of Energy Losses in Pipes}},
    year = {2015},
    journal = {American Journal of Mechanical Engineering},
    author = {Yasmina, Lahiouel and Rachid, Lahiouel},
    number = {3A},
    pages = {32--37},
    volume = {3},
    url = {http://pubs.sciepub.com/ajme/3/3A/6},
    doi = {10.12691/ajme-3-3A-6},
    keywords = {frictional head losses, head losses, minor head losses, singular head losses, water distribution network}
}

@article{Smith1975EvaluationsNew,
    title = {{Evaluations of Correlations for Two-Phase Flowmeters Three Current–One New}},
    year = {1975},
    journal = {Journal of Engineering for Power},
    author = {Smith, R. V. and Leang, J. T.},
    number = {4},
    month = {10},
    pages = {589},
    volume = {97},
    publisher = {American Society of Mechanical Engineers},
    url = {http://GasTurbinesPower.asmedigitalcollection.asme.org/article.aspx?articleid=1418973},
    doi = {10.1115/1.3446072},
    issn = {00220825},
    keywords = {Flowmeters, Nozzles, Orifices, Venturi tubes}
}

@article{Gajan2013ExperimentalFilm,
    title = {{Experimental analysis of the behaviour of a Venturi meter submitted to an upstream air/oil annular liquid film}},
    year = {2013},
    journal = {Flow Measurement and Instrumentation},
    author = {Gajan, P. and Salque, G. and Couput, J. P. and Berthiaud, J.},
    doi = {10.1016/j.flowmeasinst.2013.05.004},
    issn = {09555986},
    keywords = {Annular flow, Film thickness, Modelling, Oil/water mixture, Venturi meter, Wet gas}
}

@techreport{TamhankarExperimentalDischarge,
    title = {{Experimental and CFD analysis of flow through venturimeter to determine the coefficient of discharge}},
    author = {Tamhankar, Nikhil and Pandhare, Amar and Joglekar, Ashwinkumar and Bansode, Vaibhav},
    keywords = {calibration, coefficient of discharge, computational, venturimeter}
}

@article{Anupriya2014ExperimentalSection,
    title = {{Experimental and modelling studies of gas-liquid vertical annular flow through a diverging section}},
    year = {2014},
    journal = {International Journal of Multiphase Flow},
    author = {Anupriya, S. and Jayanti, S.},
    doi = {10.1016/j.ijmultiphaseflow.2014.05.009},
    issn = {03019322},
    keywords = {Abrupt expansion, Diverging pipe section, Gas-liquid flow, Interfacial friction, Pressure drop, Vertical annular flow}
}

@inproceedings{Hasan2011ExperimentalFlow,
    title = {{Experimental and theoretical study of the gas-water two phase flow through a conductance multiphase Venturi meter in vertical annular (wet gas) flow}},
    year = {2011},
    booktitle = {Nuclear Engineering and Design},
    author = {Hasan, Abbas H.A.M. and Lucas, G. P.},
    doi = {10.1016/j.nucengdes.2010.09.006},
    issn = {00295493}
}

@article{Yuan2016ExperimentalVenturi,
    title = {{Experimental research on pressure drop of wet gas flow in Venturi}},
    year = {2016},
    journal = {Experimental Thermal and Fluid Science},
    author = {Yuan, Chao and Xu, Ying and Zhang, Tao and Wei, Jing and Wang, Huaxiang},
    month = {7},
    pages = {183--188},
    volume = {75},
    publisher = {Elsevier},
    url = {https://www.sciencedirect.com/science/article/pii/S0894177716300103},
    doi = {10.1016/J.EXPTHERMFLUSCI.2016.01.013},
    issn = {0894-1777}
}

@article{Hibiki2001FlowChannels,
    title = {{Flow regime transition criteria for upward two-phase flow in vertical narrow rectangular channels}},
    year = {2001},
    journal = {Nuclear Engineering and Design},
    author = {Hibiki, Takashi and Mishima, Kaichiro},
    isbn = {8172451237},
    doi = {10.1016/S0029-5493(00)00306-X},
    issn = {00295493}
}

@article{Grolman1997Gas-liquidPipes,
    title = {{Gas-liquid flow in slightly inclined pipes}},
    year = {1997},
    journal = {Chemical Engineering Science},
    author = {Grolman, Eric and Fortuin, Jan M.H.},
    isbn = {0009-2509},
    doi = {10.1016/S0009-2509(97)00291-1},
    issn = {00092509},
    pmid = {382},
    keywords = {Gas-liquid pipe flow, Holdup, Inclined, Pressure gradient}
}

@article{FernandezAlonso1999Gas/liquidVenturis,
    title = {{Gas/liquid flow in laboratory-scale venturis}},
    year = {1999},
    journal = {Process Safety and Environmental Protection},
    author = {Fernandez Alonso, D. and Azzopardi, B. J. and Hills, J. H.},
    doi = {10.1205/095758299530080},
    issn = {09575820},
    keywords = {Annular flow, Entrainment, Venturi}
}

@article{Liu2017GeneralizationProperties,
    title = {{Generalization of droplet entrainment rate correlation for annular flow considering disturbance wave properties}},
    year = {2017},
    journal = {Chemical Engineering Science},
    author = {Liu, Li and Bai, Bofeng},
    month = {6},
    pages = {279--291},
    volume = {164},
    publisher = {Pergamon},
    url = {https://www.sciencedirect.com/science/article/pii/S0009250917301318},
    doi = {10.1016/J.CES.2017.02.023},
    issn = {0009-2509}
}

@article{Lee2013HydrodynamicsConcept,
    title = {{Hydrodynamics model for gas-liquid stratified flow in horizontal pipes using minimum dissipated energy concept}},
    year = {2013},
    journal = {Journal of Petroleum Science and Engineering},
    author = {Lee, H. and Al-Sarkhi, A. and Pereyra, E. and Sarica, C. and Park, C. and Kang, J. and Choi, J.},
    isbn = {0920-4105},
    doi = {10.1016/j.petrol.2013.06.001},
    issn = {09204105},
    keywords = {Dissipated energy, Energy minimization, Gas-liquid pipe flow, Two-phase flow}
}

@article{Azzopardi1991ImprovedScrubbers,
    title = {{Improved model for pressure drop in venturi scrubbers}},
    year = {1991},
    journal = {Process Safety and Environmental Protection: Transactions of the Institution of Chemical Engineers, Part B},
    author = {Azzopardi, B.J. and Teixeira, S.F.C.F. and Govan, A.H. and Bott, T.R.},
    number = {4},
    pages = {237--245},
    volume = {69},
    url = {https://locate.coventry.ac.uk/primo-explore/fulldisplay?docid=TN_scopus2-s2.0-0026256263&context=PC&vid=COV_VU1&lang=en_US&search_scope=Primo_Central&adaptor=primo_central_multiple_fe&tab=remote&query=any,contains,AN%20IMPROVED%20MODEL%20FOR%20PRESSURE%20}
}

@article{Trifonov2017InstabilitiesEquations,
    title = {{Instabilities of a gas-liquid flow between two inclined plates analyzed using the Navier–Stokes equations}},
    year = {2017},
    journal = {International Journal of Multiphase Flow},
    author = {Trifonov, Yu.Ya.},
    month = {10},
    pages = {144--154},
    volume = {95},
    publisher = {Pergamon},
    url = {https://www.sciencedirect.com/science/article/pii/S0301932216307005},
    doi = {10.1016/J.IJMULTIPHASEFLOW.2017.05.011},
    issn = {0301-9322}
}

@article{Aliyu2017InterfacialPipes,
    title = {{Interfacial friction in upward annular gas–liquid two-phase flow in pipes}},
    year = {2017},
    journal = {Experimental Thermal and Fluid Science},
    author = {Aliyu, Aliyu Musa and Baba, Yahaya Danjuma and Lao, Liyun and Yeung, Hoi and Kim, Kyung Chun},
    month = {6},
    pages = {90--109},
    volume = {84},
    publisher = {Elsevier},
    url = {https://www.sciencedirect.com/science/article/pii/S0894177717300353},
    doi = {10.1016/J.EXPTHERMFLUSCI.2017.02.006},
    issn = {0894-1777}
}

@article{Tzotzi2013InterfacialPipes,
    title = {{Interfacial shear stress in wavy stratified gas-liquid flow in horizontal pipes}},
    year = {2013},
    journal = {International Journal of Multiphase Flow},
    author = {Tzotzi, Christina and Andritsos, Nikolaos},
    doi = {10.1016/j.ijmultiphaseflow.2013.03.003},
    issn = {03019322},
    keywords = {Flow pattern identification, Gas-liquid mixtures, Interfacial friction factor, Liquid holdup, Pressure drop, Statistical analysis}
}

@article{Gupta2016InvestigationVenturi,
    title = {{Investigation of air–water two phase flow through a venturi}},
    year = {2016},
    journal = {Experimental Thermal and Fluid Science},
    author = {Gupta, Babita and Nayak, A.K. and Kandar, T.K. and Nair, Suma},
    month = {1},
    pages = {148--154},
    volume = {70},
    publisher = {Elsevier},
    url = {https://www.sciencedirect.com/science/article/pii/S0894177715001892},
    doi = {10.1016/J.EXPTHERMFLUSCI.2015.07.012},
    issn = {0894-1777}
}

@article{Zhang2005InvestigationSensor,
    title = {{Investigation of oil-air two-phase mass flow rate measurement using Venturi and void fraction sensor}},
    year = {2005},
    journal = {Journal of Zhejiang University SCIENCE},
    author = {Zhang, Hong-jian and Yue, Wei-ting and Huang, Zhi-yao},
    doi = {10.1631/jzus.2005.A0601},
    issn = {1009-3095}
}

@article{Hamad2017InvestigationDiameters,
    title = {{Investigation of pressure drop in horizontal pipes with different diameters}},
    year = {2017},
    journal = {International Journal of Multiphase Flow},
    author = {Hamad, F.A. and Faraji, F. and Santim, C.G.S. and Basha, N. and Ali, Z.},
    month = {5},
    pages = {120--129},
    volume = {91},
    publisher = {Pergamon},
    url = {https://www.sciencedirect.com/science/article/pii/S0301932216305109},
    doi = {10.1016/J.IJMULTIPHASEFLOW.2017.01.007},
    issn = {0301-9322}
}

@techreport{ISOTubes,
    title = {{ISO 5167-4:2003 - Measurement of fluid flow by means of pressure differential devices inserted in circular cross-section conduits running full -- Part 4: Venturi tubes}},
    url = {https://www.iso.org/standard/30192.html}
}

@techreport{ISOUncertainties,
    title = {{ISO 5168:2005 - Measurement of fluid flow -- Procedures for the evaluation of uncertainties}},
    url = {https://www.iso.org/standard/32199.html}
}

@misc{ISO/TRConduits,
    title = {{ISO/TR 11583:2012 - Measurement of wet gas flow by means of pressure differential devices inserted in circular cross-section conduits}},
    url = {https://www.iso.org/standard/50609.html}
}

@techreport{2015ISO/TRConduits,
    title = {{ISO/TR 12748 Measurement of wet natural gas flow in circular cross-section conduits}},
    year = {2015},
    volume = {2015},
    url = {https://www.iso.org/standard/67034.html}
}

@article{James1965MeteringOrifices,
    title = {{Metering of Steam-Water Two-Phase Flow by Sharp-Edged Orifices}},
    year = {1965},
    journal = {Proceedings of the Institution of Mechanical Engineers},
    author = {James, Russell},
    number = {1},
    month = {6},
    pages = {549--572},
    volume = {180},
    publisher = {SAGE PublicationsSage UK: London, England},
    url = {http://journals.sagepub.com/doi/10.1243/PIME_PROC_1965_180_038_02},
    doi = {10.1243/PIME{\_}PROC{\_}1965{\_}180{\_}038{\_}02},
    issn = {0020-3483}
}

@article{Karami2017ModelingPipes,
    title = {{Modeling study of three-phase low liquid loading flow in horizontal pipes}},
    year = {2017},
    journal = {International Journal of Multiphase Flow},
    author = {Karami, H. and Pereyra, E. and Torres, C. and Sarica, C.},
    month = {5},
    pages = {76--88},
    volume = {91},
    publisher = {Pergamon},
    url = {https://www.sciencedirect.com/science/article/pii/S0301932216306061},
    doi = {10.1016/J.IJMULTIPHASEFLOW.2017.01.003},
    issn = {0301-9322}
}

@article{Yu2017ModelingPipe,
    title = {{Modeling the pressure drop of wet gas in horizontal pipe}},
    year = {2017},
    journal = {Chinese Journal of Chemical Engineering},
    author = {Yu, Peining and Li, Yi and Wei, Jing and Xu, Ying and Zhang, Tao},
    number = {7},
    month = {7},
    pages = {829--837},
    volume = {25},
    publisher = {Elsevier},
    url = {https://www.sciencedirect.com/science/article/pii/S1004954116306541},
    doi = {10.1016/J.CJCHE.2016.10.024},
    issn = {1004-9541}
}

@article{vanWerven2003ModelingVenturi,
    title = {{Modeling wet-gas annular/dispersed flow through a Venturi}},
    year = {2003},
    journal = {AIChE Journal},
    author = {van Werven, M. and van Maanen, Hans and Ooms, G. and Azzopardi, B.J.},
    number = {6},
    month = {6},
    pages = {1383--1391},
    volume = {49},
    publisher = {Wiley-Blackwell},
    url = {http://doi.wiley.com/10.1002/aic.690490605},
    doi = {10.1002/aic.690490605}
}

@article{Sun2003ModellingPressure,
    title = {{Modelling gas-liquid flow in Venturi scrubbers at high pressure}},
    year = {2003},
    journal = {Process Safety and Environmental Protection: Transactions of the Institution of Chemical Engineers, Part B},
    author = {Sun, H. and Azzopardi, B. J.},
    doi = {10.1205/095758203322299770},
    issn = {09575820},
    keywords = {High pressure, Modelling, Pressure drop, Venturi scrubber}
}

@inproceedings{vanMaanen2016ModellingPressure,
    title = {{Modelling of Wet Gas flow in Venturi Meters to Predict the Differential Pressure}},
    year = {2016},
    booktitle = {34th International North Sea Flow Measurement Workshop},
    author = {van Maanen, Hans and de Leeuw, Rick},
    pages = {25--28}
}

@article{Pulley1997ModellingScrubbers,
    title = {{Modelling the performance of venturi scrubbers}},
    year = {1997},
    journal = {Chemical Engineering Journal},
    author = {Pulley, R. A.},
    doi = {10.1016/S1385-8947(97)00014-4},
    issn = {13858947},
    keywords = {Gas cleaning, Particle collection, Venturi scrubbers}
}

@techreport{PrandtlMotionViscosity,
    title = {{Motion of Fluids with very little viscosity}},
    author = {Prandtl, Ludwig}
}

@techreport{NikuradseNATIONALPIPES,
    title = {{NATIONAL ADVISORY COMMITTEE 3 FOR AERONAUTICS LAWS OF FLOW IN ROUGH PIPES}},
    author = {Nikuradse, J},
    url = {https://digital.library.unt.edu/ark%3A/67531/metadc63009/m2/1/high_res_d/19930093938.pdf}
}

@article{Okawa2002NewCondition,
    title = {{New entrainment rate correlation in annular two-phase flow applicable to wide range of flow condition}},
    year = {2002},
    journal = {International Journal of Heat and Mass Transfer},
    author = {Okawa, Tomio and Kitahara, Tsuyoshi and Yoshida, Kenji and Matsumoto, Tadayoshi and Kataoka, Isao},
    number = {1},
    month = {1},
    pages = {87--98},
    volume = {45},
    publisher = {Pergamon},
    url = {https://www.sciencedirect.com/science/article/pii/S0017931001001119},
    doi = {10.1016/S0017-9310(01)00111-9},
    issn = {0017-9310}
}

@article{Okawa2001NewCondition,
    title = {{New entrainment rate correlation in annular two-phase flow applicable to wide range of flow condition}},
    year = {2001},
    journal = {International Journal of Heat and Mass Transfer},
    author = {Okawa, Tomio and Kitahara, Tsuyoshi and Yoshida, Kenji and Matsumoto, Tadayoshi and Kataoka, Isao},
    isbn = {0017-9310},
    doi = {10.1016/S0017-9310(01)00111-9},
    issn = {00179310}
}

@article{He2012NumericalMeter,
    title = {{Numerical investigation of wet gas flow in Venturi meter}},
    year = {2012},
    journal = {Flow Measurement and Instrumentation},
    author = {He, Denghui and Bai, Bofeng},
    doi = {10.1016/j.flowmeasinst.2012.07.008},
    issn = {09555986},
    keywords = {Discrete phase model, Liquid jet, Over-reading, Turbulence model, Venturi meter, Wet gas}
}

@article{Figueiredo2017NumericalModel,
    title = {{Numerical simulation of stratified-pattern two-phase flow in gas pipelines using a two-fluid model}},
    year = {2017},
    journal = {International Journal of Multiphase Flow},
    author = {Figueiredo, Aline Barbosa and Baptista, Renan Martins and Freitas Rachid, Felipe Bastos de and Bodstein, Gustavo Cesar Rachid},
    month = {1},
    pages = {30--49},
    volume = {88},
    publisher = {Pergamon},
    url = {https://www.sciencedirect.com/science/article/pii/S0301932216303664},
    doi = {10.1016/J.IJMULTIPHASEFLOW.2016.09.016},
    issn = {0301-9322}
}

@article{Xu2003OnMetering,
    title = {{On fluctuation of the dynamic differential pressure signal of Venturi meter for wet gas metering}},
    year = {2003},
    journal = {Flow Measurement and Instrumentation},
    author = {Xu, Lijun and Xu, Jian and Dong, Feng and Zhang, Tao},
    isbn = {0955-5986},
    doi = {10.1016/S0955-5986(03)00027-X},
    issn = {09555986},
    keywords = {Dynamic differential pressure, Gas/liquid two-phase flow, Root mean square (RMS) deviation, Venturi meter, Wet gas metering}
}

@techreport{ManninenOnLow,
    title = {{On th e M ix tur e M odel f or M ultip h ase F low}},
    author = {Manninen, Mikko Tapani and Taivassalo, Veikko and Kallio, Sirpa},
    url = {https://www.researchgate.net/publication/259938456},
    isbn = {9513849465}
}

@misc{Reynolds1895OnCriterion,
    title = {{On the Dynamical Theory of Incompressible Viscous Fluids and the Determination of the Criterion}},
    year = {1895},
    booktitle = {Philosophical Transactions of the Royal Society of London. A},
    author = {Reynolds, Osborne},
    pages = {123--164},
    volume = {186},
    publisher = {Royal Society},
    url = {https://www.jstor.org/stable/pdf/90643.pdf},
    doi = {10.2307/90643}
}

@article{OnStokes,
    title = {{On the Steady Motion of Incompressible Fluid (Stokes)}}
}

@incollection{StokesOnSolids,
    title = {{On the Theories of the Internal Friction of Fluids in Motion, and of the Equilibrium and Motion of Elastic Solids}},
    booktitle = {Mathematical and Physical Papers vol.1},
    author = {Stokes, George Gabriel},
    isbn = {0015084000},
    doi = {10.1017/CBO9780511702242.005}
}

@book{Reader-Harris2015OrificeTubes,
    title = {{Orifice Plates and Venturi Tubes}},
    year = {2015},
    author = {Reader-Harris, Michael},
    series = {Experimental Fluid Mechanics},
    publisher = {Springer International Publishing},
    url = {http://link.springer.com/10.1007/978-3-319-16880-7},
    address = {Cham},
    isbn = {978-3-319-16879-1},
    doi = {10.1007/978-3-319-16880-7}
}

@article{Hewitt1990PhenomenologicalChange,
    title = {{Phenomenological modelling of non-equilibrium flows with phase change}},
    year = {1990},
    journal = {International Journal of Heat and Mass Transfer},
    author = {Hewitt, G. F. and Govan, A. H.},
    isbn = {0017-9310},
    doi = {10.1016/0017-9310(90)90094-B},
    issn = {00179310}
}

@book{2004PrandtlsMechanics,
    title = {{Prandtl's Essentials of Fluid Mechanics}},
    year = {2004},
    editor = {Oertel, H.},
    edition = {Second},
    publisher = {Springer-Verlag},
    address = {New York},
    isbn = {0-387-40437-6}
}

@article{Layssac2017PredictionFlows,
    title = {{Prediction of symmetry during intermittent and annular horizontal two-phase flows}},
    year = {2017},
    journal = {International Journal of Multiphase Flow},
    author = {Layssac, Thibaut and Capo, Claudia and Lips, Stéphane and Mauro, Alfonso William and Revellin, Rémi},
    month = {10},
    pages = {91--100},
    volume = {95},
    publisher = {Pergamon},
    url = {https://www.sciencedirect.com/science/article/pii/S0301932216306942},
    doi = {10.1016/J.IJMULTIPHASEFLOW.2017.05.010},
    issn = {0301-9322}
}

@article{Edomwonyi-Otu2015PressureInterfaces,
    title = {{Pressure drop and holdup predictions in horizontal oil–water flows for curved and wavy interfaces}},
    year = {2015},
    journal = {Chemical Engineering Research and Design},
    author = {Edomwonyi-Otu, Lawrence C. and Angeli, Panagiota},
    month = {1},
    pages = {55--65},
    volume = {93},
    publisher = {Elsevier},
    url = {https://www.sciencedirect.com/science/article/pii/S0263876214002664},
    doi = {10.1016/J.CHERD.2014.06.009},
    issn = {0263-8762}
}

@article{Yung1977PressureScrubbers,
    title = {{Pressure loss in venturi scrubbers}},
    year = {1977},
    journal = {Journal of the Air Pollution Control Association},
    author = {Yung, Shui Chow and Barbarika, Harry F. and Calvert, Seymour},
    doi = {10.1080/00022470.1977.10470432},
    issn = {00022470}
}

@article{Lockhart1949ProposedPipes,
    title = {{Proposed correlation of data for isothermal two-phase, two-component flow in pipes}},
    year = {1949},
    journal = {Chem. Eng. Prog},
    author = {Lockhart, R.W. and Martinelli, R.C},
    number = {1},
    pages = {39--48},
    volume = {45}
}

@techreport{Gryzlov2012SPEMetering,
    title = {{SPE 160464 Fluid Mechanical Aspects of Wet Gas Metering}},
    year = {2012},
    author = {Gryzlov, A and Nyfors, E and Jordaan, L and Undheim, E and Braaten, N A and Gregersen, S E and Steinsland, E and Measurement, Roxar Flow and Management, Emerson Process},
    pages = {16--18}
}

@techreport{Reader-Harris2017TestingImprovement,
    title = {{Testing ISO/TR 11583 outside its range of applicability: areas for possible improvement}},
    year = {2017},
    author = {Reader-Harris, Michael and Graham, Emmelyn and Forsyth NEL, Claire},
    institution = {Oil and Gas Focus Group}
}

@article{Iovieno2002TheModeling,
    title = {{The angular momentum equation for a finite element of a fluid: A new representation and application to turbulent modeling}},
    year = {2002},
    journal = {Physics of Fluids},
    author = {Iovieno, M. and Tordella, D.},
    isbn = {9780123741530},
    doi = {10.1063/1.1485765},
    issn = {10706631}
}

@techreport{2018TheFlow,
    title = {{The Formation of Emulsions in Definable Fields of Flow}},
    year = {2018},
    url = {http://rspa.royalsocietypublishing.org/Downloadedfrom}
}

@inproceedings{Azzopardi1983TheScrubbers,
    title = {{The modelling of Venturi Scrubbers}},
    year = {1983},
    booktitle = {Filtech Conference},
    author = {Azzopardi, B.J. and Govan, A.H.},
    pages = {274--285}
}

@article{Xu2011TheFlows,
    title = {{The pirouette effect in turbulent flows}},
    year = {2011},
    journal = {Nature Physics},
    author = {Xu, Haitao and Pumir, Alain and Bodenschatz, Eberhard},
    doi = {10.1038/nphys2010},
    issn = {17452473}
}

@article{Woods1998Three-phaseFlow,
    title = {{Three-phase oil/water/air vertical flow}},
    year = {1998},
    journal = {Chemical Engineering Research and Design},
    author = {Woods, G. S. and Speddeng, P. L. and Watterson, J. K. and Raghunathan, R. S.},
    isbn = {0263-8762},
    doi = {10.1205/026387698525252},
    issn = {02638762}
}

@article{Almohammed2018TowardsDroplets,
    title = {{Towards a deterministic composite collision outcome model for surface-tension dominated droplets}},
    year = {2018},
    journal = {International Journal of Multiphase Flow},
    author = {Almohammed, N. and Breuer, M.},
    month = {8},
    publisher = {Pergamon},
    url = {https://www.sciencedirect.com/science/article/pii/S0301932217306699},
    doi = {10.1016/J.IJMULTIPHASEFLOW.2018.08.007},
    issn = {0301-9322}
}

@article{Murdock1962Two-PhaseOrifices,
    title = {{Two-Phase Flow Measurement With Orifices}},
    year = {1962},
    journal = {Journal of Basic Engineering},
    author = {Murdock, J. W.},
    number = {4},
    month = {12},
    pages = {419},
    volume = {84},
    publisher = {American Society of Mechanical Engineers},
    url = {http://FluidsEngineering.asmedigitalcollection.asme.org/article.aspx?articleid=1431221},
    doi = {10.1115/1.3658657},
    issn = {00219223},
    keywords = {Equations, Flanges, Flowmeters, Natural gas, Orifices, Pipes, Reynolds number, Steam, Temperature, Two-phase flow, Water, Weight (Mass)}
}

@article{Monni2014Two-phaseMeter,
    title = {{Two-phase flow measurements at high void fraction by a Venturi meter}},
    year = {2014},
    journal = {Progress in Nuclear Energy},
    author = {Monni, Grazia and De Salve, Mario and Panella, Bruno},
    month = {11},
    pages = {167--175},
    volume = {77},
    publisher = {Pergamon},
    url = {https://www.sciencedirect.com/science/article/pii/S0149197014001620},
    doi = {10.1016/J.PNUCENE.2014.06.006},
    issn = {0149-1970}
}

@article{Lin1982Two-phaseOrifices,
    title = {{Two-phase flow measurements with sharp-edged orifices}},
    year = {1982},
    journal = {International Journal of Multiphase Flow},
    author = {Lin, Z.H.},
    number = {6},
    month = {12},
    pages = {683--693},
    volume = {8},
    publisher = {Pergamon},
    url = {https://www.sciencedirect.com/science/article/pii/0301932282900714},
    doi = {10.1016/0301-9322(82)90071-4},
    issn = {0301-9322}
}

@article{Barton2013UsingMeasurement,
    title = {{Using CFD to understand multiphase and wet gas measurement}},
    year = {2013},
    journal = {Measurement and Control (United Kingdom)},
    author = {Barton, Neil and Parry, Andrew},
    doi = {10.1177/002029401304600204},
    issn = {00202940}
}

@article{Calvert1970VenturiDrop,
    title = {{Venturi and other atomizing scrubbers efficiency and pressure drop}},
    year = {1970},
    journal = {AIChE Journal},
    author = {Calvert, Seymour},
    isbn = {1547-5905},
    doi = {10.1002/aic.690160315},
    issn = {15475905}
}

@inproceedings{deLeeuw2011VenturiFlow,
    title = {{Venturi Meters and Wet Gas Flow}},
    year = {2011},
    booktitle = {29th International North Sea Flow Measurement Workshop},
    author = {de Leeuw, Rick and Steven, Richard and van Maanen, Hans}
}

@article{Lide2008VenturiTheory,
    title = {{Venturi wet gas flow modeling based on homogeneous and separated flow theory}},
    year = {2008},
    journal = {Mathematical Problems in Engineering},
    author = {Lide, Fang and Tao, Zhang and Ying, Xu},
    doi = {10.1155/2008/807287},
    issn = {1024123X}
}

@article{Wang2016VoidFlow,
    title = {{Void fraction measurement using NIR technology for horizontal wet-gas annular flow}},
    year = {2016},
    journal = {Experimental Thermal and Fluid Science},
    author = {Wang, Chao and Zhao, Ning and Fang, Lide and Zhang, Tao and Feng, Yue},
    month = {9},
    pages = {98--108},
    volume = {76},
    publisher = {Elsevier},
    url = {https://www.sciencedirect.com/science/article/pii/S0894177716300528},
    doi = {10.1016/J.EXPTHERMFLUSCI.2016.03.014},
    issn = {0894-1777}
}

@article{Steven2001WetMetering,
    title = {{Wet gas metering}},
    year = {2001},
    author = {Steven, Richard},
    publisher = {University of Strathclyde},
    url = {https://ethos.bl.uk/OrderDetails.do;jsessionid=58D8E1DF095C99D99395CF66813BFA17?uin=uk.bl.ethos.366846},
    keywords = {Flowrate, Venturi meter}
}

@article{Steven2002WetMeter,
    title = {{Wet gas metering with a horizontally mounted Venturi meter}},
    year = {2002},
    journal = {Flow Measurement and Instrumentation},
    author = {Steven, Richard},
    number = {5-6},
    month = {1},
    pages = {361--372},
    volume = {12},
    publisher = {Elsevier},
    url = {https://www.sciencedirect.com/science/article/pii/S0955598602000031},
    doi = {10.1016/S0955-5986(02)00003-1},
    issn = {0955-5986}
}

@article{Canu2018WhereFrom,
    title = {{Where does the droplet size distribution come from?}},
    year = {2018},
    journal = {International Journal of Multiphase Flow},
    author = {Canu, Romain and Puggelli, Stefano and Essadki, Mohamed and Duret, Benjamin and Menard, Thibaut and Massot, Marc and Reveillon, Julien and Demoulin, F.X.},
    month = {10},
    pages = {230--245},
    volume = {107},
    publisher = {Pergamon},
    url = {https://www.sciencedirect.com/science/article/pii/S0301932218302854},
    doi = {10.1016/J.IJMULTIPHASEFLOW.2018.06.010},
    issn = {0301-9322}
}